<?xml version="1.0" encoding="UTF-8"?><collection xmlns="http://www.loc.gov/MARC21/slim"><record><leader>00405nam--2200121-i-4500</leader><controlfield tag="001">000020880</controlfield><controlfield tag="002">20161230</controlfield><controlfield tag="005">20161230201033</controlfield><controlfield tag="008">060222s1000------------r-----000-0-eng-d</controlfield><datafield ind1=" " ind2=" " tag="080"><subfield code="a">621.039.83(061.30</subfield></datafield><datafield ind1=" " ind2=" " tag="245"><subfield code="a">Energie nucleaire. les transuranians et la sante.rapport sur une reunion de l oms bruxelles, 6-9 november 1979</subfield></datafield><datafield ind1=" " ind2=" " tag="260"><subfield code="a">Copenhague,Organisation Mondiale De La Sante, 1985. 94 P</subfield></datafield><datafield ind1=" " ind2=" " tag="852"><subfield code="a">79326</subfield></datafield></record></collection>